
@article{Angeli_2003,
  title = {Multiple Complete Active Space Self-Consistent Field Solutions},
  author = {Angeli, CELESTINO and CALZADO, CARMEN J. and CIMIRAGLIA, RENZO and EVANGELISTI, STEFANO and MAYNA, DANIEL},
  year = {2003},
  journal = {Mol. Phys.},
  volume = {101},
  pages = {1937--1944},
  publisher = {{Taylor \& Francis}},
  doi = {10.1080/0026897031000109293},
  file = {/home/antoinem/Zotero/storage/MCCE8CMB/Angeli et al. - 2003 - Multiple complete active space self-consistent fie.pdf}
}

@article{Authier_2020,
  title = {Dynamical Kernels for Optical Excitations},
  author = {Authier, Juliette and Loos, Pierre-Fran{\c c}ois},
  year = {2020},
  journal = {J. Chem. Phys.},
  volume = {153},
  pages = {184105},
  publisher = {{American Institute of Physics}},
  doi = {10.1063/5.0028040},
  file = {/home/antoinem/Zotero/storage/RJ6TNBMM/Authier and Loos - 2020 - Dynamical kernels for optical excitations.pdf}
}

@article{Barca_2014,
  title = {Communication: {{Hartree-Fock}} Description of Excited States of {{H2}}},
  author = {Barca, Giuseppe M. J. and Gilbert, Andrew T. B. and Gill, Peter M. W.},
  year = {2014},
  journal = {J. Chem. Phys.},
  volume = {141},
  pages = {111104},
  publisher = {{American Institute of Physics}},
  doi = {10.1063/1.4896182},
  file = {/home/antoinem/Zotero/storage/66FG7R35/Barca et al. - 2014 - Communication Hartree-Fock description of excited.pdf}
}

@article{Barca_2018,
  title = {Excitation {{Number}}: {{Characterizing Multiply Excited States}}},
  author = {Barca, Giuseppe M. J. and Gilbert, Andrew T. B. and Gill, Peter M. W.},
  year = {2018},
  journal = {J. Chem. Theory Comput.},
  volume = {14},
  pages = {9--13},
  publisher = {{American Chemical Society}},
  doi = {10.1021/acs.jctc.7b00963},
  file = {/home/antoinem/References/Barca_2018.pdf}
}

@article{Barca_2018a,
  title = {Simple {{Models}} for {{Difficult Electronic Excitations}}},
  author = {Barca, Giuseppe M. J. and Gilbert, Andrew T. B. and Gill, Peter M. W.},
  year = {2018},
  journal = {J. Chem. Theory Comput.},
  volume = {14},
  pages = {1501--1509},
  publisher = {{American Chemical Society}},
  doi = {10.1021/acs.jctc.7b00994},
  file = {/home/antoinem/References/Barca_2018.pdf}
}

@article{Bartlett_2012,
  ids = {Bartlett_2012a,Bartlett₂012a},
  title = {Coupled-Cluster Theory and Its Equation-of-Motion Extensions},
  author = {Bartlett, Rodney J.},
  year = {2012},
  journal = {WIREs Comput. Mol. Sci.},
  volume = {2},
  pages = {126--138},
  doi = {10.1002/wcms.76},
  langid = {english},
  file = {/home/antoinem/Zotero/storage/FYV2XK29/Bartlett - 2012 - Coupled-cluster theory and its equation-of-motion .pdf;/home/antoinem/Zotero/storage/I5L5IHNF/Bartlett - 2012 - Coupled-cluster theory and its equation-of-motion .pdf;/home/antoinem/Zotero/storage/Q3GMIPS4/Bartlett - 2012 - Coupled-cluster theory and its equation-of-motion .pdf;/home/antoinem/Zotero/storage/XFYBFMBK/Bartlett - 2012 - Coupled-cluster theory and its equation-of-motion .pdf;/home/antoinem/Zotero/storage/85ZTVJUE/wcms.html;/home/antoinem/Zotero/storage/BFZAWC53/wcms.html;/home/antoinem/Zotero/storage/BPNW4MTN/wcms.html;/home/antoinem/Zotero/storage/BQZDYH2V/wcms.html;/home/antoinem/Zotero/storage/I6RH4Y2E/wcms.html}
}

@article{Burke_2005,
  title = {Time-Dependent Density Functional Theory: {{Past}}, Present, and Future},
  author = {Burke, Kieron and Werschnik, Jan and Gross, E. K. U.},
  year = {2005},
  journal = {J. Chem. Phys.},
  volume = {123},
  pages = {062206},
  publisher = {{American Institute of Physics}},
  doi = {10.1063/1.1904586},
  file = {/home/antoinem/Zotero/storage/QDR2RDBI/Burke et al. - 2005 - Time-dependent density functional theory Past, pr.pdf}
}

@article{Burton_2018,
  title = {Holomorphic {{Hartree}}\textendash{{Fock Theory}}: {{The Nature}} of {{Two-Electron Problems}}},
  author = {Burton, Hugh G. A. and Gross, Mark and Thom, Alex J. W.},
  year = {2018},
  journal = {J. Chem. Theory Comput.},
  volume = {14},
  pages = {607--618},
  publisher = {{American Chemical Society}},
  doi = {10.1021/acs.jctc.7b00980},
  file = {/home/antoinem/Zotero/storage/7CDF3GBR/Burton et al. - 2018 - Holomorphic Hartree–Fock Theory The Nature of Two.pdf}
}

@article{Burton_2019,
  title = {General {{Approach}} for {{Multireference Ground}} and {{Excited States Using Nonorthogonal Configuration Interaction}}},
  author = {Burton, Hugh G. A. and Thom, Alex J. W.},
  year = {2019},
  journal = {J. Chem. Theory Comput.},
  volume = {15},
  pages = {4851--4861},
  publisher = {{American Chemical Society}},
  doi = {10.1021/acs.jctc.9b00441},
  file = {/home/antoinem/Zotero/storage/2TP8AV99/Burton and Thom - 2019 - General Approach for Multireference Ground and Exc.pdf}
}

@article{Burton_2020,
  title = {Reaching {{Full Correlation}} through {{Nonorthogonal Configuration Interaction}}: {{A Second-Order Perturbative Approach}}},
  author = {Burton, Hugh G. A. and Thom, Alex J. W.},
  year = {2020},
  journal = {J. Chem. Theory Comput.},
  volume = {16},
  pages = {5586--5600},
  publisher = {{American Chemical Society}},
  doi = {10.1021/acs.jctc.0c00468},
  file = {/home/antoinem/Zotero/storage/Y5EAN7FP/Burton and Thom - 2020 - Reaching Full Correlation through Nonorthogonal Co.pdf}
}

@article{Burton_2021,
  title = {Energy {{Landscapes}} for {{Electronic Structure}}},
  author = {Burton, Hugh G. A. and Wales, David J.},
  year = {2021},
  journal = {J. Chem. Theory Comput.},
  volume = {17},
  pages = {151--169},
  publisher = {{American Chemical Society}},
  doi = {10.1021/acs.jctc.0c00772},
  file = {/home/antoinem/Zotero/storage/W9Q3NFQZ/Burton and Wales - 2021 - Energy Landscapes for Electronic Structure.pdf}
}

@article{Burton_2021a,
  title = {Generalized Nonorthogonal Matrix Elements: {{Unifying Wick}}'s Theorem and the {{Slater}}\textendash{{Condon}} Rules},
  author = {Burton, Hugh G. A.},
  year = {2021},
  journal = {J. Chem. Phys.},
  volume = {154},
  pages = {144109},
  publisher = {{American Institute of Physics}},
  doi = {10.1063/5.0045442},
  file = {/home/antoinem/References/Burton_2021a.pdf}
}

@article{Burton_2022,
  title = {Energy {{Landscape}} of {{State-Specific Electronic Structure Theory}}},
  author = {Burton, Hugh G. A.},
  year = {2022},
  journal = {J. Chem. Theory Comput.},
  doi = {10.1021/acs.jctc.1c01089},
  file = {/home/antoinem/Zotero/storage/NHWML5BY/Burton - 2022 - Energy Landscape of State-Specific Electronic Stru.pdf;/home/antoinem/Zotero/storage/U833CLIA/Burton - 2022 - Energy Landscape of State-Specific Electronic Stru.pdf;/home/antoinem/Zotero/storage/SQ6KUCXL/2201.html}
}

@article{Cances_2006,
  title = {Computing Electronic Structures: {{A}} New Multiconfiguration Approach for Excited States},
  author = {Canc{\`e}s, {\'E}ric and Galicher, Herv{\'e} and Lewin, Mathieu},
  year = {2006},
  journal = {Journal of Computational Physics},
  volume = {212},
  pages = {73--98},
  doi = {10.1016/j.jcp.2005.06.015},
  langid = {english},
  file = {/home/antoinem/Zotero/storage/NBS494NE/Cancès et al. - 2006 - Computing electronic structures A new multiconfig.pdf;/home/antoinem/Zotero/storage/LVZ94EXN/S0021999105003104.html}
}

@article{Carter-Fenk_2020,
  title = {State-{{Targeted Energy Projection}}: {{A Simple}} and {{Robust Approach}} to {{Orbital Relaxation}} of {{Non-Aufbau Self-Consistent Field Solutions}}},
  author = {{Carter-Fenk}, Kevin and Herbert, John M.},
  year = {2020},
  journal = {J. Chem. Theory Comput.},
  volume = {16},
  pages = {5067--5082},
  publisher = {{American Chemical Society}},
  doi = {10.1021/acs.jctc.0c00502},
  file = {/home/antoinem/References/Carter-Fenk_2020.pdf}
}

@article{Chaban_1997,
  title = {Approximate Second Order Method for Orbital Optimization of {{SCF}} and {{MCSCF}} Wavefunctions},
  author = {Chaban, Galina and Schmidt, Michael W. and Gordon, Mark S.},
  year = {1997},
  journal = {Theor Chem Acta},
  volume = {97},
  pages = {88--95},
  doi = {10.1007/s002140050241},
  langid = {english},
  file = {/home/antoinem/Zotero/storage/J73K7YYS/Chaban et al. - 1997 - Approximate second order method for orbital optimi.pdf}
}

@article{Cizek_1967,
  title = {Stability {{Conditions}} for the {{Solutions}} of the {{Hartree}}\textemdash{{Fock Equations}} for {{Atomic}} and {{Molecular Systems}}. {{Application}} to the {{Pi}}-{{Electron Model}} of {{Cyclic Polyenes}}},
  author = {{\v C}{\'i}{\v z}ek, J. and Paldus, J.},
  year = {1967},
  journal = {J. Chem. Phys.},
  volume = {47},
  pages = {3976--3985},
  publisher = {{American Institute of Physics}},
  doi = {10.1063/1.1701562},
  file = {/home/antoinem/Zotero/storage/9MISSCQ7/Čížek and Paldus - 1967 - Stability Conditions for the Solutions of the Hart.pdf}
}

@article{Coulson_1949,
  title = {{{XXXIV}}. {{Notes}} on the Molecular Orbital Treatment of the Hydrogen Molecule},
  author = {Coulson, C.A. and Fischer, I.},
  year = {1949},
  journal = {Lond. Edinb. Dublin Philos. Mag. J. Sci.},
  volume = {40},
  pages = {386--393},
  publisher = {{Taylor \& Francis}},
  doi = {10.1080/14786444908521726},
  file = {/home/antoinem/Zotero/storage/D7R9ZSK6/14786444908521726.html}
}

@article{Cui_2013,
  title = {Proper and Improper Zero Energy Modes in {{Hartree-Fock}} Theory and Their Relevance for Symmetry Breaking and Restoration},
  author = {Cui, Yao and Bulik, Ireneusz W. and {Jim{\'e}nez-Hoyos}, Carlos A. and Henderson, Thomas M. and Scuseria, Gustavo E.},
  year = {2013},
  journal = {J. Chem. Phys.},
  volume = {139},
  pages = {154107},
  publisher = {{American Institute of Physics}},
  doi = {10.1063/1.4824905},
  file = {/home/antoinem/Zotero/storage/6V2I5FD4/Cui et al. - 2013 - Proper and improper zero energy modes in Hartree-F.pdf}
}

@article{Das_1973,
  title = {Multiconfiguration Self-consistent Field ({{MCSCF}}) Theory for Excited States},
  author = {Das, G.},
  year = {1973},
  journal = {J. Chem. Phys.},
  volume = {58},
  pages = {5104--5110},
  publisher = {{American Institute of Physics}},
  doi = {10.1063/1.1679100},
  file = {/home/antoinem/References/Das_1973.pdf}
}

@article{Davidson_1972,
  title = {Properties and {{Uses}} of {{Natural Orbitals}}},
  author = {Davidson, ERNEST R.},
  year = {1972},
  journal = {Rev. Mod. Phys.},
  volume = {44},
  pages = {451--464},
  publisher = {{American Physical Society}},
  doi = {10.1103/RevModPhys.44.451},
  file = {/home/antoinem/Zotero/storage/2PPVCTFD/RevModPhys.44.html}
}

@article{Ditchfield_1971,
  title = {Self-{{Consistent Molecular}}-{{Orbital Methods}}. {{IX}}. {{An Extended Gaussian}}-{{Type Basis}} for {{Molecular}}-{{Orbital Studies}} of {{Organic Molecules}}},
  author = {Ditchfield, R. and Hehre, W. J. and Pople, J. A.},
  year = {1971},
  journal = {J. Chem. Phys.},
  volume = {54},
  pages = {724--728},
  publisher = {{American Institute of Physics}},
  doi = {10.1063/1.1674902},
  file = {/home/antoinem/References/Ditchfield_1971.pdf}
}

@article{Dong_2020,
  ids = {Dong_2020a},
  title = {Global {{Elucidation}} of {{Self-Consistent Field Solution Space Using Basin Hopping}}},
  author = {Dong, Xinju and Mahler, Andrew D. and {Kempfer-Robertson}, Emily M. and Thompson, Lee M.},
  year = {2020},
  journal = {J. Chem. Theory Comput.},
  volume = {16},
  pages = {5635--5644},
  publisher = {{American Chemical Society}},
  doi = {10.1021/acs.jctc.0c00488},
  file = {/home/antoinem/Zotero/storage/562YYS5P/Dong et al. - 2020 - Global Elucidation of Self-Consistent Field Soluti.pdf;/home/antoinem/Zotero/storage/YN4J84VZ/acs.jctc.html}
}

@article{Douady_1980,
  title = {Exponential Transformation of Molecular Orbitals: {{A}} Quadratically Convergent {{SCF}} Procedure. {{I}}. {{General}} Formulation and Application to Closed-shell Ground States},
  author = {Douady, J. and Ellinger, Y. and Subra, R. and Levy, B.},
  year = {1980},
  journal = {J. Chem. Phys.},
  volume = {72},
  pages = {1452},
  publisher = {{American Institute of PhysicsAIP}},
  doi = {10.1063/1.439369},
  langid = {english},
  file = {/home/antoinem/Zotero/storage/UV54C4AD/Douady et al. - 1980 - Exponential transformation of molecular orbitals .pdf}
}

@article{Dreuw_2005,
  title = {Single-{{Reference}} Ab {{Initio Methods}} for the {{Calculation}} of {{Excited States}} of {{Large Molecules}}},
  author = {Dreuw, Andreas and {Head-Gordon}, Martin},
  year = {2005},
  journal = {Chem. Rev.},
  volume = {105},
  pages = {4009--4037},
  publisher = {{American Chemical Society}},
  doi = {10.1021/cr0505627},
  file = {/home/antoinem/Zotero/storage/8NWTIWUC/Dreuw and Head-Gordon - 2005 - Single-Reference ab Initio Methods for the Calcula.pdf;/home/antoinem/Zotero/storage/EN3RIACY/cr0505627.html}
}

@article{Dreuw_2005a,
  title = {Single-{{Reference}} Ab {{Initio Methods}} for the {{Calculation}} of {{Excited States}} of {{Large Molecules}}},
  author = {Dreuw, Andreas and {Head-Gordon}, Martin},
  year = {2005},
  journal = {Chem. Rev.},
  volume = {105},
  pages = {4009--4037},
  publisher = {{American Chemical Society}},
  doi = {10.1021/cr0505627},
  file = {/home/antoinem/Zotero/storage/DUD82PQ7/Dreuw and Head-Gordon - 2005 - Single-Reference ab Initio Methods for the Calcula.pdf;/home/antoinem/Zotero/storage/BJ2M5JSF/cr0505627.html}
}

@article{Dunietz_2003,
  title = {Manifestations of {{Symmetry Breaking}} in {{Self-consistent Field Electronic Structure Calculations}}},
  author = {Dunietz, Barry D. and {Head-Gordon}, Martin},
  year = {2003},
  journal = {J. Phys. Chem. A},
  volume = {107},
  pages = {9160--9167},
  publisher = {{American Chemical Society}},
  doi = {10.1021/jp0224665},
  file = {/home/antoinem/References/Dunietz_2003.pdf}
}

@article{Edelman_1998,
  title = {The {{Geometry}} of {{Algorithms}} with {{Orthogonality Constraints}}},
  author = {Edelman, Alan and Arias, Tom{\'a}s A. and Smith, Steven T.},
  year = {1998},
  journal = {SIAM J. Matrix Anal. \& Appl.},
  volume = {20},
  pages = {303--353},
  doi = {10.1137/S0895479895290954},
  langid = {english},
  file = {/home/antoinem/Zotero/storage/MXJMZI35/Edelman et al. - 1998 - The Geometry of Algorithms with Orthogonality Cons.pdf}
}

@article{Fischer_1992,
  title = {General Methods for Geometry and Wave Function Optimization},
  author = {Fischer, Thomas H. and Almlof, Jan},
  year = {1992},
  journal = {J. Phys. Chem.},
  volume = {96},
  pages = {9768--9774},
  publisher = {{American Chemical Society}},
  doi = {10.1021/j100203a036},
  file = {/home/antoinem/Zotero/storage/RJVSBLTG/Fischer and Almlof - 1992 - General methods for geometry and wave function opt.pdf;/home/antoinem/Zotero/storage/V8LT5HSA/j100203a036.html}
}

@article{Gilbert_2008,
  ids = {Gilbert_2008a},
  title = {Self-{{Consistent Field Calculations}} of {{Excited States Using}} the {{Maximum Overlap Method}} ({{MOM}})},
  author = {Gilbert, Andrew T. B. and Besley, Nicholas A. and Gill, Peter M. W.},
  year = {2008},
  journal = {J. Phys. Chem. A},
  volume = {112},
  pages = {13164--13171},
  publisher = {{American Chemical Society}},
  doi = {10.1021/jp801738f},
  file = {/home/antoinem/Zotero/storage/GQ2A3AKL/Gilbert et al. - 2008 - Self-Consistent Field Calculations of Excited Stat.pdf;/home/antoinem/Zotero/storage/L67W2DNK/Gilbert et al. - 2008 - Self-Consistent Field Calculations of Excited Stat.pdf;/home/antoinem/Zotero/storage/DRJJ2AGG/jp801738f.html;/home/antoinem/Zotero/storage/Y3U5LIMC/jp801738f.html}
}

@article{Golab_1983,
  title = {Proper Characterization of {{MC SCF}} Stationary Points},
  author = {Golab, Joseph T. and Yeager, Danny L. and J{\o}rgensen, Poul},
  year = {1983},
  journal = {Chemical Physics},
  volume = {78},
  pages = {175--199},
  doi = {10.1016/0301-0104(83)85106-4},
  langid = {english},
  file = {/home/antoinem/Zotero/storage/NN6LAK9Q/0301010483851064.html}
}

@article{Golab_1985,
  title = {Multiple Stationary Point Representations in {{MC SCF}} Calculations},
  author = {Golab, Joseph T. and Yeager, Danny L. and J{\o}rgensen, Poul},
  year = {1985},
  journal = {Chemical Physics},
  volume = {93},
  pages = {83--100},
  doi = {10.1016/0301-0104(85)85051-5},
  langid = {english},
  file = {/home/antoinem/Zotero/storage/XZBNTHPY/0301010485850515.html}
}

@article{Guihery_1997,
  title = {Unexpected {{CASSCF}} Bistability Phenomenon},
  author = {Guihery, Nathalie and Malrieu, Jean-Paul and Maynau, Daniel and Handrick, Klaus},
  year = {1997},
  journal = {Int. J. Quantum Chem.},
  volume = {61},
  pages = {45--54},
  doi = {10.1002/(SICI)1097-461X(1997)61:1<45::AID-QUA5>3.0.CO;2-4},
  langid = {english},
  file = {/home/antoinem/Zotero/storage/CR65CZ2R/(SICI)1097-461X(1997)61145AID-QUA53.0.html}
}

@article{Hait_2020,
  title = {Excited {{State Orbital Optimization}} via {{Minimizing}} the {{Square}} of the {{Gradient}}: {{General Approach}} and {{Application}} to {{Singly}} and {{Doubly Excited States}} via {{Density Functional Theory}}},
  author = {Hait, Diptarka and {Head-Gordon}, Martin},
  year = {2020},
  journal = {J. Chem. Theory Comput.},
  volume = {16},
  pages = {1699--1710},
  publisher = {{American Chemical Society}},
  doi = {10.1021/acs.jctc.9b01127},
  file = {/home/antoinem/Zotero/storage/NFHHQZX6/Hait and Head-Gordon - 2020 - Excited State Orbital Optimization via Minimizing .pdf}
}

@article{Hait_2021,
  title = {Orbital {{Optimized Density Functional Theory}} for {{Electronic Excited States}}},
  author = {Hait, Diptarka and {Head-Gordon}, Martin},
  year = {2021},
  journal = {J. Phys. Chem. Lett.},
  volume = {12},
  pages = {4517--4529},
  publisher = {{American Chemical Society}},
  doi = {10.1021/acs.jpclett.1c00744},
  file = {/home/antoinem/Zotero/storage/8G9FE4EP/Hait and Head-Gordon - 2021 - Orbital Optimized Density Functional Theory for El.pdf}
}

@article{Hanscam_2021,
  title = {Applying Generalized Variational Principles to Excited-State-Specific Complete Active Space Self-Consistent Field Theory},
  author = {Hanscam, Rebecca and Neuscamman, Eric},
  year = {2021},
  journal = {ArXiv211102590 Cond-Mat Physicsphysics},
  eprint = {2111.02590},
  eprinttype = {arxiv},
  primaryclass = {cond-mat, physics:physics},
  archiveprefix = {arXiv},
  file = {/home/antoinem/Zotero/storage/KYSL7IFY/Hanscam and Neuscamman - 2021 - Applying generalized variational principles to exc.pdf;/home/antoinem/Zotero/storage/GJXCIP49/2111.html}
}

@article{Head-Gordon_1988,
  title = {Optimization of Wave Function and Geometry in the Finite Basis {{Hartree-Fock}} Method},
  author = {{Head-Gordon}, Martin and Pople, John A.},
  year = {1988},
  journal = {J. Phys. Chem.},
  volume = {92},
  pages = {3063--3069},
  publisher = {{American Chemical Society}},
  doi = {10.1021/j100322a012},
  file = {/home/antoinem/Zotero/storage/6NLEIABR/Head-Gordon and Pople - 1988 - Optimization of wave function and geometry in the .pdf;/home/antoinem/Zotero/storage/FJ4X6PHM/j100322a012.html}
}

@article{Head-Gordon_1998,
  title = {A Tensor Formulation of Many-Electron Theory in a Nonorthogonal Single-Particle Basis},
  author = {{Head-Gordon}, Martin and Maslen, Paul E. and White, Christopher A.},
  year = {1998},
  journal = {J. Chem. Phys.},
  volume = {108},
  pages = {616--625},
  publisher = {{American Institute of Physics}},
  doi = {10.1063/1.475423},
  file = {/home/antoinem/References/Head-Gordon_1998.pdf}
}

@article{Head-Gordon_2003,
  title = {Curvy Steps for Density Matrix Based Energy Minimization: Tensor Formulation and Toy Applications},
  author = {{Head-Gordon}, MARTIN and SHAO, YIHAN and SARAVANAN, CHANDRA and WHITE, CHRISTOPHER A.},
  year = {2003},
  journal = {Mol. Phys.},
  volume = {101},
  pages = {37--43},
  publisher = {{Taylor \& Francis}},
  doi = {10.1080/00268970210158722},
  file = {/home/antoinem/Zotero/storage/QCXSWVQK/00268970210158722.html}
}

@article{Hehre_1969,
  title = {Self-{{Consistent Molecular}}-{{Orbital Methods}}. {{I}}. {{Use}} of {{Gaussian Expansions}} of {{Slater}}-{{Type Atomic Orbitals}}},
  author = {Hehre, W. J. and Stewart, R. F. and Pople, J. A.},
  year = {1969},
  journal = {J. Chem. Phys.},
  volume = {51},
  pages = {2657--2664},
  publisher = {{American Institute of Physics}},
  doi = {10.1063/1.1672392}
}

@book{Helgaker_2000,
  ids = {Helgaker_2000a},
  title = {Molecular Electronic-Structure Theory},
  author = {Helgaker, Trygve and J{\o}rgensen, Poul and Olsen, Jeppe},
  year = {2000},
  publisher = {{Wiley}},
  address = {{Chichester ; New York}},
  isbn = {978-0-471-96755-2 978-1-118-53147-1},
  lccn = {QD461 .H423 2000},
  file = {/home/antoinem/References/Textbooks/Molecular Electronic-Structure Theory.pdf}
}

@article{Helmich-Paris_2019,
  title = {Benchmarks for {{Electronically Excited States}} with {{CASSCF Methods}}},
  author = {{Helmich-Paris}, Benjamin},
  year = {2019},
  journal = {J. Chem. Theory Comput.},
  volume = {15},
  pages = {4170--4179},
  publisher = {{American Chemical Society}},
  doi = {10.1021/acs.jctc.9b00325},
  file = {/home/antoinem/Zotero/storage/9QAECRP4/Helmich-Paris - 2019 - Benchmarks for Electronically Excited States with .pdf;/home/antoinem/Zotero/storage/65688VUG/acs.jctc.html}
}

@article{Hoffmann_2002,
  title = {Optimization of {{MCSCF}} Excited States Using Directions of Negative Curvature},
  author = {Hoffmann, Mark R. and David Sherrill, C. and Leininger, Matthew L. and Schaefer III, Henry F.},
  year = {2002},
  journal = {Chemical Physics Letters},
  volume = {355},
  pages = {183--192},
  doi = {10.1016/S0009-2614(02)00208-7},
  langid = {english},
  file = {/home/antoinem/Zotero/storage/KNY36W6J/S0009261402002087.html}
}

@article{Hutter_1994,
  title = {Exponential Transformation of Molecular Orbitals},
  author = {Hutter, J{\"u}rg and Parrinello, Michele and Vogel, Stefan},
  year = {1994},
  journal = {J. Chem. Phys.},
  volume = {101},
  pages = {3862--3865},
  publisher = {{American Institute of Physics}},
  doi = {10.1063/1.467504},
  file = {/home/antoinem/Zotero/storage/UMXQL4DH/Hutter et al. - 1994 - Exponential transformation of molecular orbitals.pdf}
}

@article{Jankowski_1994,
  ids = {Jankowski_1994a},
  title = {Multiple Solutions of the Single-Reference Coupled-Cluster Equations. {{I}}. {{H4}} Model Revisited},
  author = {Jankowski, K. and Kowalski, K. and Jankowski, P.},
  year = {1994},
  journal = {Int. J. Quantum Chem.},
  volume = {50},
  pages = {353--367},
  doi = {10.1002/qua.560500504},
  langid = {english},
  file = {/home/antoinem/Zotero/storage/2EK2MREQ/Jankowski et al. - 1994 - Multiple solutions of the single-reference coupled.pdf;/home/antoinem/Zotero/storage/PUC4KK8C/Jankowski et al. - 1994 - Multiple solutions of the single-reference coupled.pdf;/home/antoinem/Zotero/storage/IT9QK4YE/qua.html;/home/antoinem/Zotero/storage/MCABU5AU/qua.html}
}

@article{Jankowski_1994a,
  ids = {Jankowski_1994},
  title = {Applicability of Single-Reference Coupled-Cluster Methods to Excited States. {{A}} Model Study},
  author = {Jankowski, J. and Kowalski, K. and Jankowski, P.},
  year = {1994},
  journal = {Chemical Physics Letters},
  volume = {222},
  pages = {608--614},
  doi = {10.1016/0009-2614(94)00391-2},
  langid = {english},
  file = {/home/antoinem/Zotero/storage/3C5HY74W/0009261494003912.html;/home/antoinem/Zotero/storage/6BL5BR63/0009261494003912.html}
}

@article{Jankowski_1995,
  title = {Multiple Solutions of the Single-Reference Coupled-Cluster Equations. {{II}}. {{Alternative}} Reference States},
  author = {Jankowski, K. and Kowalski, K. and Jankowski, P.},
  year = {1995},
  journal = {Int. J. Quantum Chem.},
  volume = {53},
  pages = {501--514},
  doi = {10.1002/qua.560530507},
  langid = {english},
  file = {/home/antoinem/Zotero/storage/6BRX4RC6/Jankowski et al. - 1995 - Multiple solutions of the single-reference coupled.pdf;/home/antoinem/Zotero/storage/J9AUSUY8/Jankowski et al. - 1995 - Multiple solutions of the single-reference coupled.pdf}
}

@book{Jensen_2017,
  title = {Introduction to Computational Chemistry},
  author = {Jensen, Frank},
  year = {2017},
  edition = {Third edition},
  publisher = {{John Wiley \& Sons}},
  address = {{Chichester, UK ; Hoboken, NJ}},
  isbn = {978-1-118-82599-0},
  lccn = {QD455.3.E4 J46 2017},
  file = {/home/antoinem/References/Textbooks/Introduction to computational chemistry.pdf}
}

@article{Jimenez-Hoyos_2011,
  title = {Generalized {{Hartree}}\textendash{{Fock Description}} of {{Molecular Dissociation}}},
  author = {{Jim{\'e}nez-Hoyos}, Carlos A. and Henderson, Thomas M. and Scuseria, Gustavo E.},
  year = {2011},
  journal = {J. Chem. Theory Comput.},
  volume = {7},
  pages = {2667--2674},
  publisher = {{American Chemical Society}},
  doi = {10.1021/ct200345a},
  file = {/home/antoinem/References/Jimenez-Hoyos_2011.pdf}
}

@article{Jimenez-Hoyos_2012,
  title = {Projected {{Hartree}}\textendash{{Fock}} Theory},
  author = {{Jim{\'e}nez-Hoyos}, Carlos A. and Henderson, Thomas M. and Tsuchimochi, Takashi and Scuseria, Gustavo E.},
  year = {2012},
  journal = {J. Chem. Phys.},
  volume = {136},
  pages = {164109},
  publisher = {{American Institute of Physics}},
  doi = {10.1063/1.4705280},
  file = {/home/antoinem/Zotero/storage/42H4GHJF/Jiménez-Hoyos et al. - 2012 - Projected Hartree–Fock theory.pdf}
}

@article{Jimenez-Hoyos_2013,
  title = {Excited Electronic States from a Variational Approach Based on Symmetry-Projected {{Hartree}}\textendash{{Fock}} Configurations},
  author = {{Jim{\'e}nez-Hoyos}, Carlos A. and {Rodr{\'i}guez-Guzm{\'a}n}, R. and Scuseria, Gustavo E.},
  year = {2013},
  journal = {J. Chem. Phys.},
  volume = {139},
  pages = {224110},
  publisher = {{American Institute of Physics}},
  doi = {10.1063/1.4840097},
  file = {/home/antoinem/Zotero/storage/HYLTPW9W/Jiménez-Hoyos et al. - 2013 - Excited electronic states from a variational appro.pdf}
}

@article{Jimenez-Hoyos_2020,
  title = {Approaching the Full Configuration Interaction Ground State from an Arbitrary Wavefunction with Gradient Descent and Quasi-{{Newton}} Algorithms},
  author = {{Jim{\'e}nez-Hoyos}, Carlos A.},
  year = {2020},
  journal = {J. Chem. Phys.},
  volume = {153},
  pages = {234113},
  publisher = {{American Institute of Physics}},
  doi = {10.1063/5.0031958},
  file = {/home/antoinem/Zotero/storage/RNJ9VFSZ/Jiménez-Hoyos - 2020 - Approaching the full configuration interaction gro.pdf}
}

@article{Jimenez-Hoyos_2020a,
  title = {Approaching the {{Full Configuration Interaction Low-Energy Spectrum}} from an {{Arbitrary Reference Subspace}}},
  author = {{Jim{\'e}nez-Hoyos}, Carlos A.},
  year = {2020},
  journal = {ArXiv201204744 Phys.},
  eprint = {2012.04744},
  eprinttype = {arxiv},
  primaryclass = {physics},
  archiveprefix = {arXiv},
  file = {/home/antoinem/Zotero/storage/AHKPZZCM/Jiménez-Hoyos - 2020 - Approaching the Full Configuration Interaction Low.pdf;/home/antoinem/Zotero/storage/B22JXPFD/2012.html}
}

@article{Kossoski_2021,
  title = {Excited {{States}} from {{State-Specific Orbital-Optimized Pair Coupled Cluster}}},
  author = {Kossoski, F{\'a}bris and Marie, Antoine and Scemama, Anthony and Caffarel, Michel and Loos, Pierre-Fran{\c c}ois},
  year = {2021},
  journal = {J. Chem. Theory Comput.},
  volume = {17},
  pages = {4756--4768},
  publisher = {{American Chemical Society}},
  doi = {10.1021/acs.jctc.1c00348},
  file = {/home/antoinem/Zotero/storage/EZKVHNJ6/Kossoski et al. - 2021 - Excited States from State-Specific Orbital-Optimiz.pdf;/home/antoinem/Zotero/storage/XVDKMBLN/acs.jctc.html}
}

@article{Kreplin_2019,
  title = {Second-Order {{MCSCF}} Optimization Revisited. {{I}}. {{Improved}} Algorithms for Fast and Robust Second-Order {{CASSCF}} Convergence},
  author = {Kreplin, David A. and Knowles, Peter J. and Werner, Hans-Joachim},
  year = {2019},
  journal = {J. Chem. Phys.},
  volume = {150},
  pages = {194106},
  publisher = {{AIP Publishing LLCAIP Publishing}},
  doi = {10.1063/1.5094644},
  langid = {english},
  file = {/home/antoinem/Zotero/storage/XFVGWKKH/1.html}
}

@article{Kreplin_2020,
  title = {{{MCSCF}} Optimization Revisited. {{II}}. {{Combined}} First- and Second-Order Orbital Optimization for Large Molecules},
  author = {Kreplin, David A. and Knowles, Peter J. and Werner, Hans-Joachim},
  year = {2020},
  journal = {J. Chem. Phys.},
  volume = {152},
  pages = {074102},
  publisher = {{AIP Publishing LLCAIP Publishing}},
  doi = {10.1063/1.5142241},
  langid = {english},
  file = {/home/antoinem/Zotero/storage/EFFNCZ3G/1.html}
}

@article{Kutzelnigg_1997,
  title = {Normal Order and Extended {{Wick}} Theorem for a Multiconfiguration Reference Wave Function},
  author = {Kutzelnigg, Werner and Mukherjee, Debashis},
  year = {1997},
  journal = {J. Chem. Phys.},
  volume = {107},
  pages = {432--449},
  publisher = {{American Institute of Physics}},
  doi = {10.1063/1.474405},
  file = {/home/antoinem/References/Kutzelnigg_1997.pdf}
}

@article{Lee_2019,
  ids = {Lee_2019a},
  title = {Excited States via Coupled Cluster Theory without Equation-of-Motion Methods: {{Seeking}} Higher Roots with Application to Doubly Excited States and Double Core Hole States},
  author = {Lee, Joonho and Small, David W. and {Head-Gordon}, Martin},
  year = {2019},
  journal = {J. Chem. Phys.},
  volume = {151},
  pages = {214103},
  publisher = {{American Institute of Physics}},
  doi = {10.1063/1.5128795},
  file = {/home/antoinem/Zotero/storage/2F6799N9/Lee et al. - 2019 - Excited states via coupled cluster theory without .pdf;/home/antoinem/Zotero/storage/K34Q85PR/Lee et al. - 2019 - Excited states via coupled cluster theory without .pdf;/home/antoinem/Zotero/storage/Y464L4DN/Lee et al. - 2019 - Excited states via coupled cluster theory without .pdf}
}

@article{Lee_2022,
  title = {Localized {{Spin Rotations}}: {{A Size-Consistent Approach}} to {{Nonorthogonal Configuration Interaction}}},
  author = {Lee, Nicholas and Thom, Alex J. W.},
  year = {2022},
  journal = {J. Chem. Theory Comput.},
  volume = {18},
  pages = {710--722},
  publisher = {{American Chemical Society}},
  doi = {10.1021/acs.jctc.1c00862},
  file = {/home/antoinem/Zotero/storage/YSSDL7AB/Lee and Thom - 2022 - Localized Spin Rotations A Size-Consistent Approa.pdf;/home/antoinem/Zotero/storage/F6H7B7SS/acs.jctc.html}
}

@article{Levine_2021,
  title = {{{CAS}} without {{SCF}}\textemdash{{Why}} to Use {{CASCI}} and Where to Get the Orbitals},
  author = {Levine, Benjamin G. and Durden, Andrew S. and Esch, Michael P. and Liang, Fangchun and Shu, Yinan},
  year = {2021},
  journal = {J. Chem. Phys.},
  volume = {154},
  pages = {090902},
  publisher = {{American Institute of Physics}},
  doi = {10.1063/5.0042147},
  file = {/home/antoinem/Zotero/storage/4NX5PMRT/Levine et al. - 2021 - CAS without SCF—Why to use CASCI and where to get .pdf}
}

@article{Lewin_2004,
  title = {Solutions of the {{Multiconfiguration Equations}} in {{Quantum Chemistry}}},
  author = {Lewin, Mathieu},
  year = {2004},
  journal = {Arch. Rational Mech. Anal.},
  volume = {171},
  pages = {83--114},
  doi = {10.1007/s00205-003-0281-6},
  langid = {english},
  file = {/home/antoinem/Zotero/storage/8R4ZQS5E/Lewin - 2004 - Solutions of the Multiconfiguration Equations in Q.pdf}
}

@article{Lewin_2008,
  title = {On the Computation of Excited States with {{MCSCF}} Methods},
  author = {Lewin, Mathieu},
  year = {2008},
  journal = {J Math Chem},
  volume = {44},
  pages = {967--980},
  doi = {10.1007/s10910-008-9355-x},
  langid = {english},
  file = {/home/antoinem/Zotero/storage/4WTI56EF/Lewin - 2008 - On the computation of excited states with MCSCF me.pdf}
}

@article{Lowdin_1955b,
  title = {Quantum {{Theory}} of {{Many-Particle Systems}}. {{I}}. {{Physical Interpretations}} by {{Means}} of {{Density Matrices}}, {{Natural Spin-Orbitals}}, and {{Convergence Problems}} in the {{Method}} of {{Configurational Interaction}}},
  author = {L{\"o}wdin, Per-Olov},
  year = {1955},
  journal = {Phys. Rev.},
  volume = {97},
  pages = {1474--1489},
  publisher = {{American Physical Society}},
  doi = {10.1103/PhysRev.97.1474},
  file = {/home/antoinem/Zotero/storage/SE4BU6SE/PhysRev.97.html}
}

@article{Lowdin_1956,
  title = {Natural {{Orbitals}} in the {{Quantum Theory}} of {{Two-Electron Systems}}},
  author = {L{\"o}wdin, Per-Olov and Shull, Harrison},
  year = {1956},
  journal = {Phys. Rev.},
  volume = {101},
  pages = {1730--1739},
  publisher = {{American Physical Society}},
  doi = {10.1103/PhysRev.101.1730},
  file = {/home/antoinem/Zotero/storage/K9ILDRMP/PhysRev.101.html}
}

@article{Mahler_2021,
  title = {Orbital Optimization in Nonorthogonal Multiconfigurational Self-Consistent Field Applied to the Study of Conical Intersections and Avoided Crossings},
  author = {Mahler, Andrew D. and Thompson, Lee M.},
  year = {2021},
  journal = {J. Chem. Phys.},
  volume = {154},
  pages = {244101},
  publisher = {{American Institute of Physics}},
  doi = {10.1063/5.0053615},
  file = {/home/antoinem/References/Mahler_2021.pdf}
}

@article{Marie_2021,
  title = {Perturbation Theory in the Complex Plane: Exceptional Points and Where to Find Them},
  author = {Marie, Antoine and Burton, Hugh G. A. and Loos, Pierre-Fran{\c c}ois},
  year = {2021},
  journal = {J. Phys.: Condens. Matter},
  volume = {33},
  pages = {283001},
  publisher = {{IOP Publishing}},
  doi = {10.1088/1361-648X/abe795},
  langid = {english},
  file = {/home/antoinem/Zotero/storage/SIDFI83G/Marie et al. - 2021 - Perturbation theory in the complex plane exceptio.pdf}
}

@article{Marie_2021a,
  title = {Variational Coupled Cluster for Ground and Excited States},
  author = {Marie, Antoine and Kossoski, F{\'a}bris and Loos, Pierre-Fran{\c c}ois},
  year = {2021},
  journal = {J. Chem. Phys.},
  volume = {155},
  pages = {104105},
  publisher = {{American Institute of Physics}},
  doi = {10.1063/5.0060698},
  file = {/home/antoinem/Zotero/storage/Y5VYNL43/Marie et al. - 2021 - Variational coupled cluster for ground and excited.pdf}
}

@misc{Mathematica,
  title = {Mathematica, {{Version}} 12.1},
  author = {{Wolfram Research, Inc.}},
  year = {2020},
  date-added = {2021-04-28 07:21:58 +0200},
  date-modified = {2021-04-28 08:10:39 +0200},
  howpublished = {Champaign, Illinois}
}

@article{Mayhall_2010,
  title = {Multiple {{Solutions}} to the {{Single-Reference CCSD Equations}} for {{NiH}}},
  author = {Mayhall, Nicholas J. and Raghavachari, Krishnan},
  year = {2010},
  journal = {J. Chem. Theory Comput.},
  volume = {6},
  pages = {2714--2720},
  publisher = {{American Chemical Society}},
  doi = {10.1021/ct100321k},
  file = {/home/antoinem/References/TOREAD/Mayhall_2010.pdf;/home/antoinem/Zotero/storage/JYL29TWE/Mayhall and Raghavachari - 2010 - Multiple Solutions to the Single-Reference CCSD Eq.pdf;/home/antoinem/Zotero/storage/YDLY5ZWI/Mayhall and Raghavachari - 2010 - Multiple Solutions to the Single-Reference CCSD Eq.pdf;/home/antoinem/Zotero/storage/2YP25YXD/ct100321k.html;/home/antoinem/Zotero/storage/5KIXJMT2/ct100321k.html}
}

@article{McCourt_1987,
  title = {On the {{SCF}} Calculation of Excited States: {{Singlet}} States in the Two-Electron Problem},
  author = {McCourt, Mary and McIver Jr., James W.},
  year = {1987},
  journal = {J. Comput. Chem.},
  volume = {8},
  pages = {454--458},
  doi = {10.1002/jcc.540080424},
  langid = {english},
  file = {/home/antoinem/Zotero/storage/6DPKP6SE/McCourt and McIver Jr. - 1987 - On the SCF calculation of excited states Singlet .pdf;/home/antoinem/Zotero/storage/K9NL8P2F/jcc.html}
}

@article{McLachlan_1964,
  title = {Time-{{Dependent Hartree---Fock Theory}} for {{Molecules}}},
  author = {McLachlan, A. D. and BALL, M. A.},
  year = {1964},
  journal = {Rev. Mod. Phys.},
  volume = {36},
  pages = {844--855},
  publisher = {{American Physical Society}},
  doi = {10.1103/RevModPhys.36.844},
  file = {/home/antoinem/Zotero/storage/KBU348WY/RevModPhys.36.html}
}

@article{Mori-Sanchez_2014,
  title = {Qualitative Breakdown of the Unrestricted {{Hartree-Fock}} Energy},
  author = {{Mori-S{\'a}nchez}, Paula and Cohen, Aron J.},
  year = {2014},
  journal = {J. Chem. Phys.},
  volume = {141},
  pages = {164124},
  publisher = {{American Institute of Physics}},
  doi = {10.1063/1.4898860},
  file = {/home/antoinem/Zotero/storage/ER5DRVGM/Mori-Sánchez and Cohen - 2014 - Qualitative breakdown of the unrestricted Hartree-.pdf}
}

@article{Nite_2019,
  title = {Low-{{Cost Molecular Excited States}} from a {{State-Averaged Resonating Hartree}}\textendash{{Fock Approach}}},
  author = {Nite, Jacob and {Jim{\'e}nez-Hoyos}, Carlos A.},
  year = {2019},
  journal = {J. Chem. Theory Comput.},
  volume = {15},
  pages = {5343--5351},
  publisher = {{American Chemical Society}},
  doi = {10.1021/acs.jctc.9b00579},
  file = {/home/antoinem/Zotero/storage/NP42NA9W/Nite and Jiménez-Hoyos - 2019 - Low-Cost Molecular Excited States from a State-Ave.pdf;/home/antoinem/Zotero/storage/94M9XMI4/acs.jctc.html}
}

@article{Olsen_1982,
  title = {Multiconfigurational {{Hartree}}\textendash{{Fock}} Studies of Avoided Curve Crossing Using the {{Newton}}\textendash{{Raphson}} Technique},
  author = {Olsen, Jeppe and Jo/rgensen, Poul and Yeager, Danny L.},
  year = {1982},
  journal = {J. Chem. Phys.},
  volume = {76},
  pages = {527--542},
  publisher = {{American Institute of Physics}},
  doi = {10.1063/1.442699}
}

@incollection{Olsen_1983,
  title = {Optimization and {{Characterization}} of a {{Multiconfigurational Self-Consistent Field}} ({{MCSCF}}) {{State}}},
  booktitle = {Advances in {{Chemical Physics}}},
  author = {Olsen, Jeppe and Yeager, Danny L. and J{\o}rgensen, Poul},
  year = {1983},
  pages = {1--176},
  publisher = {{John Wiley \& Sons, Ltd}},
  doi = {10.1002/9780470142783.ch1},
  isbn = {978-0-470-14278-3},
  langid = {english},
  file = {/home/antoinem/Zotero/storage/B3A6J3N2/9780470142783.html}
}

@incollection{Piecuch_2000,
  title = {In {{Search}} of the {{Relationship}} between {{Multiple Solutions Characterizing Coupled-Cluster Theories}}},
  booktitle = {Computational {{Chemistry}}: {{Reviews}} of {{Current Trends}}},
  author = {Piecuch, Piotr and Kowalski, Karol},
  year = {2000},
  series = {Computational {{Chemistry}}: {{Reviews}} of {{Current Trends}}},
  volume = {Volume 5},
  pages = {1--104},
  publisher = {{WORLD SCIENTIFIC}},
  doi = {10.1142/9789812792501_0001},
  isbn = {978-981-02-4371-5},
  file = {/home/antoinem/References/TOREAD/Piecuch_2000.pdf;/home/antoinem/Zotero/storage/6TRIL3LE/9789812792501_0001.html;/home/antoinem/Zotero/storage/KFPVNFPD/9789812792501_0001.html}
}

@article{Rizzo_1990,
  title = {Characteristics and Some Peculiarities of Multiconfigurational Self-consistent Field Stationary Points of the {{Li}}- Ground State},
  author = {Rizzo, Antonio and Yeager, Danny L.},
  year = {1990},
  journal = {J. Chem. Phys.},
  volume = {93},
  pages = {8011--8020},
  publisher = {{American Institute of Physics}},
  doi = {10.1063/1.459330},
  file = {/home/antoinem/References/Rizzo_1990.pdf}
}

@article{Roos_1980,
  title = {A Complete Active Space {{SCF}} Method ({{CASSCF}}) Using a Density Matrix Formulated Super-{{CI}} Approach},
  author = {Roos, Bj{\"o}rn O. and Taylor, Peter R. and Sigbahn, Per E. M.},
  year = {1980},
  journal = {Chemical Physics},
  volume = {48},
  pages = {157--173},
  doi = {10.1016/0301-0104(80)80045-0},
  langid = {english},
  file = {/home/antoinem/Zotero/storage/TR84HMPT/0301010480800450.html}
}

@book{Roos_2016,
  title = {Multiconfigurational {{Quantum Chemistry}}},
  author = {Roos, Bj{\"o}rn O. and Lindh, Roland and Malmqvist, Per-{\AA}ke and Valera, Veryazov and {Per-Olof}, Widmark},
  year = {2016},
  publisher = {{Wiley}},
  isbn = {978-0-470-63346-5},
  file = {/home/antoinem/References/Textbooks/Multiconfigurational_quantum_chemistry.pdf}
}

@article{Runge_1984,
  title = {Density-{{Functional Theory}} for {{Time-Dependent Systems}}},
  author = {Runge, Erich and Gross, E. K. U.},
  year = {1984},
  journal = {Phys. Rev. Lett.},
  volume = {52},
  pages = {997--1000},
  publisher = {{American Physical Society}},
  doi = {10.1103/PhysRevLett.52.997},
  file = {/home/antoinem/Zotero/storage/Z7G2ZC86/PhysRevLett.52.html}
}

@article{Savas_2010,
  title = {Quasi-{{Newton Methods}} on {{Grassmannians}} and {{Multilinear Approximations}} of {{Tensors}}},
  author = {Savas, Berkant and Lim, Lek-Heng},
  year = {2010},
  journal = {SIAM J. Sci. Comput.},
  volume = {32},
  pages = {3352--3393},
  publisher = {{Society for Industrial and Applied Mathematics}},
  doi = {10.1137/090763172},
  file = {/home/antoinem/Zotero/storage/LF7WTQXT/Savas and Lim - 2010 - Quasi-Newton Methods on Grassmannians and Multilin.pdf}
}

@article{Seeger_1976,
  title = {Self-consistent Molecular Orbital Methods. {{XVI}}. {{Numerically}} Stable Direct Energy Minimization Procedures for Solution of {{Hartree}}\textendash{{Fock}} Equations},
  author = {Seeger, Rolf and Pople, John A.},
  year = {1976},
  journal = {J. Chem. Phys.},
  volume = {65},
  pages = {265--271},
  publisher = {{American Institute of Physics}},
  doi = {10.1063/1.432764},
  file = {/home/antoinem/Zotero/storage/SSU256TS/Seeger and Pople - 1976 - Self‐consistent molecular orbital methods. XVI. Nu.pdf}
}

@article{Seeger_1977,
  title = {Self-consistent Molecular Orbital Methods. {{XVIII}}. {{Constraints}} and Stability in {{Hartree}}\textendash{{Fock}} Theory},
  author = {Seeger, Rolf and Pople, John A.},
  year = {1977},
  journal = {The Journal of Chemical Physics},
  volume = {66},
  pages = {3045--3050},
  doi = {10.1063/1.434318},
  langid = {english},
  file = {/home/antoinem/References/Seeger_1977.pdf}
}

@book{Shavitt_2009,
  ids = {Shavitt_2009b,Shavitt_2009c},
  title = {Many-{{Body Methods}} in {{Chemistry}} and {{Physics}}: {{MBPT}} and {{Coupled-Cluster Theory}}},
  author = {Shavitt, Isaiah and Bartlett, Rodney J.},
  year = {2009},
  series = {Cambridge {{Molecular Science}}},
  publisher = {{Cambridge University Press}},
  address = {{Cambridge}},
  doi = {10.1017/CBO9780511596834},
  isbn = {978-0-521-81832-2},
  file = {/home/antoinem/Zotero/storage/HCDGARAQ/Shavitt and Bartlett - 2009 - Many-Body Methods in Chemistry and Physics MBPT a.pdf;/home/antoinem/Zotero/storage/J8S9VPB3/Shavitt and Bartlett - 2009 - Many-Body Methods in Chemistry and Physics MBPT a.pdf;/home/antoinem/Zotero/storage/3B8MK5GF/D12027E4DAF75CE8214671D842C6B80C.html;/home/antoinem/Zotero/storage/H4BD9HBD/D12027E4DAF75CE8214671D842C6B80C.html;/home/antoinem/Zotero/storage/K9AJ7Y6Q/D12027E4DAF75CE8214671D842C6B80C.html}
}

@article{Shea_2018,
  title = {Communication: {{A}} Mean Field Platform for Excited State Quantum Chemistry},
  author = {Shea, Jacqueline A. R. and Neuscamman, Eric},
  year = {2018},
  journal = {J. Chem. Phys.},
  volume = {149},
  pages = {081101},
  publisher = {{American Institute of Physics}},
  doi = {10.1063/1.5045056},
  file = {/home/antoinem/Zotero/storage/W6EG2E45/Shea and Neuscamman - 2018 - Communication A mean field platform for excited s.pdf}
}

@incollection{Shepard_1994,
  title = {A {{Discussion}} of {{Some Aspects}} of the {{MCSCF Method}}},
  booktitle = {Relativistic and {{Electron Correlation Effects}} in {{Molecules}} and {{Solids}}},
  author = {Shepard, Ron},
  editor = {Malli, G. L.},
  year = {1994},
  series = {{{NATO ASI Series}}},
  pages = {161--177},
  publisher = {{Springer US}},
  address = {{Boston, MA}},
  doi = {10.1007/978-1-4899-1340-1_7},
  isbn = {978-1-4899-1340-1},
  langid = {english},
  file = {/home/antoinem/Zotero/storage/F2P732HE/Shepard - 1994 - A Discussion of Some Aspects of the MCSCF Method.pdf}
}

@article{Shepard_2015,
  title = {The {{Representation}} and {{Parametrization}} of {{Orthogonal Matrices}}},
  author = {Shepard, Ron and Brozell, Scott R. and Gidofalvi, Gergely},
  year = {2015},
  journal = {J. Phys. Chem. A},
  volume = {119},
  pages = {7924--7939},
  publisher = {{American Chemical Society}},
  doi = {10.1021/acs.jpca.5b02015},
  file = {/home/antoinem/Zotero/storage/TS3VNYGH/Shepard et al. - 2015 - The Representation and Parametrization of Orthogon.pdf;/home/antoinem/Zotero/storage/3WSBG3KS/acs.jpca.html}
}

@article{Sherrill_1998,
  ids = {Sherrill_1998a},
  title = {Energies and Analytic Gradients for a Coupled-Cluster Doubles Model Using Variational {{Brueckner}} Orbitals: {{Application}} to Symmetry Breaking in {{O4}}+},
  author = {Sherrill, C. David and Krylov, Anna I. and Byrd, Edward F. C. and {Head-Gordon}, Martin},
  year = {1998},
  journal = {J. Chem. Phys.},
  volume = {109},
  pages = {4171--4181},
  publisher = {{American Institute of Physics}},
  doi = {10.1063/1.477023},
  file = {/home/antoinem/Zotero/storage/ENG8IK4D/Sherrill et al. - 1998 - Energies and analytic gradients for a coupled-clus.pdf;/home/antoinem/Zotero/storage/ZTQRQK52/Sherrill et al. - 1998 - Energies and analytic gradients for a coupled-clus.pdf;/home/antoinem/Zotero/storage/PIGB8K8M/1.html;/home/antoinem/Zotero/storage/VD285EKT/1.html}
}

@article{Siegbahn_1980,
  title = {A {{Comparison}} of the {{Super-CI}} and the {{Newton-Raphson Scheme}} in the {{Complete Active Space SCF Method}}},
  author = {Siegbahn, Per and Heiberg, Anders and Roos, Bj{\"o}rn and Levy, Bernard},
  year = {1980},
  journal = {Phys. Scr.},
  volume = {21},
  pages = {323--327},
  publisher = {{IOP Publishing}},
  doi = {10.1088/0031-8949/21/3-4/014},
  langid = {english},
  file = {/home/antoinem/Zotero/storage/LY78IJ4Y/Siegbahn et al. - 1980 - A Comparison of the Super-CI and the Newton-Raphso.pdf}
}

@article{Sun_2017,
  title = {A General Second Order Complete Active Space Self-Consistent-Field Solver for Large-Scale Systems},
  author = {Sun, Qiming and Yang, Jun and Chan, Garnet Kin-Lic},
  year = {2017},
  journal = {Chemical Physics Letters},
  series = {Ahmed {{Zewail}} (1946-2016) {{Commemoration Issue}} of {{Chemical Physics Letters}}},
  volume = {683},
  pages = {291--299},
  doi = {10.1016/j.cplett.2017.03.004},
  langid = {english},
  file = {/home/antoinem/Zotero/storage/QVJK39XD/Sun et al. - 2017 - A general second order complete active space self-.pdf;/home/antoinem/Zotero/storage/FI4RBS3C/S0009261417302166.html}
}

@article{Sun_2020,
  title = {Recent Developments in the {{PySCF}} Program Package},
  author = {Sun, Qiming and Zhang, Xing and Banerjee, Samragni and Bao, Peng and Barbry, Marc and Blunt, Nick S. and Bogdanov, Nikolay A. and Booth, George H. and Chen, Jia and Cui, Zhi-Hao and Eriksen, Janus J. and Gao, Yang and Guo, Sheng and Hermann, Jan and Hermes, Matthew R. and Koh, Kevin and Koval, Peter and Lehtola, Susi and Li, Zhendong and Liu, Junzi and Mardirossian, Narbe and McClain, James D. and Motta, Mario and Mussard, Bastien and Pham, Hung Q. and Pulkin, Artem and Purwanto, Wirawan and Robinson, Paul J. and Ronca, Enrico and Sayfutyarova, Elvira R. and Scheurer, Maximilian and Schurkus, Henry F. and Smith, James E. T. and Sun, Chong and Sun, Shi-Ning and Upadhyay, Shiv and Wagner, Lucas K. and Wang, Xiao and White, Alec and Whitfield, James Daniel and Williamson, Mark J. and Wouters, Sebastian and Yang, Jun and Yu, Jason M. and Zhu, Tianyu and Berkelbach, Timothy C. and Sharma, Sandeep and Sokolov, Alexander Yu. and Chan, Garnet Kin-Lic},
  year = {2020},
  journal = {J. Chem. Phys.},
  volume = {153},
  pages = {024109},
  publisher = {{American Institute of Physics}},
  doi = {10.1063/5.0006074},
  file = {/home/antoinem/Zotero/storage/YZRB22IF/Sun et al. - 2020 - Recent developments in the PySCF program package.pdf}
}

@book{Szabo_1996,
  title = {Modern Quantum Chemistry: Introduction to Advanced Electronic Structure Theory},
  author = {Szabo, Attila and Ostlund, Neil S.},
  year = {1996},
  publisher = {{Dover Publications}},
  address = {{Mineola, N.Y}},
  isbn = {978-0-486-69186-2},
  lccn = {QD462 .S95 1996},
  file = {/home/antoinem/References/Textbooks/Modern Quantum Chemistry_ Introduction to Advanced Electronic Structure Theory.pdf}
}

@article{Szalay_2012,
  title = {Multiconfiguration {{Self-Consistent Field}} and {{Multireference Configuration Interaction Methods}} and {{Applications}}},
  author = {Szalay, P{\'e}ter G. and M{\"u}ller, Thomas and Gidofalvi, Gergely and Lischka, Hans and Shepard, Ron},
  year = {2012},
  journal = {Chem. Rev.},
  volume = {112},
  pages = {108--181},
  publisher = {{American Chemical Society}},
  doi = {10.1021/cr200137a},
  file = {/home/antoinem/Zotero/storage/6265N5ZK/Szalay et al. - 2012 - Multiconfiguration Self-Consistent Field and Multi.pdf}
}

@article{Thom_2008,
  title = {Locating {{Multiple Self-Consistent Field Solutions}}: {{An Approach Inspired}} by {{Metadynamics}}},
  author = {Thom, Alex J. W. and {Head-Gordon}, Martin},
  year = {2008},
  journal = {Phys. Rev. Lett.},
  volume = {101},
  pages = {193001},
  publisher = {{American Physical Society}},
  doi = {10.1103/PhysRevLett.101.193001},
  file = {/home/antoinem/Zotero/storage/7HEQE3SP/PhysRevLett.101.html}
}

@article{Thom_2009,
  title = {Hartree\textendash{{Fock}} Solutions as a Quasidiabatic Basis for Nonorthogonal Configuration Interaction},
  author = {Thom, Alex J. W. and {Head-Gordon}, Martin},
  year = {2009},
  journal = {J. Chem. Phys.},
  volume = {131},
  pages = {124113},
  publisher = {{American Institute of Physics}},
  doi = {10.1063/1.3236841},
  file = {/home/antoinem/References/Thom_2009.pdf}
}

@article{Thompson_2018,
  title = {Global Elucidation of Broken Symmetry Solutions to the Independent Particle Model through a {{Lie}} Algebraic Approach},
  author = {Thompson, Lee M.},
  year = {2018},
  journal = {J. Chem. Phys.},
  volume = {149},
  pages = {194106},
  publisher = {{American Institute of Physics}},
  doi = {10.1063/1.5049827},
  file = {/home/antoinem/Zotero/storage/3C423BU2/1.html}
}

@article{Thouless_1960,
  ids = {Thouless_1960b},
  title = {Stability Conditions and Nuclear Rotations in the {{Hartree-Fock}} Theory},
  author = {Thouless, D. J.},
  year = {1960},
  journal = {Nuclear Physics},
  volume = {21},
  pages = {225--232},
  doi = {10.1016/0029-5582(60)90048-1},
  langid = {english},
  file = {/home/antoinem/Zotero/storage/X8XLUQXB/Thouless - 1960 - Stability conditions and nuclear rotations in the .pdf;/home/antoinem/Zotero/storage/GBZEBNWZ/0029558260900481.html;/home/antoinem/Zotero/storage/S3P8LGRT/0029558260900481.html}
}

@article{Toth_2016,
  title = {Finding Symmetry Breaking {{Hartree-Fock}} Solutions: {{The}} Case of Triplet Instability},
  author = {T{\'o}th, Zsuzsanna and Pulay, Peter},
  year = {2016},
  journal = {J. Chem. Phys.},
  volume = {145},
  pages = {164102},
  publisher = {{AIP Publishing LLCAIP Publishing}},
  doi = {10.1063/1.4964903},
  langid = {english},
  file = {/home/antoinem/Zotero/storage/S48PJCG8/1.html}
}

@article{Tran_2019,
  title = {Tracking {{Excited States}} in {{Wave Function Optimization Using Density Matrices}} and {{Variational Principles}}},
  author = {Tran, Lan Nguyen and Shea, Jacqueline A. R. and Neuscamman, Eric},
  year = {2019},
  journal = {J. Chem. Theory Comput.},
  volume = {15},
  pages = {4790--4803},
  publisher = {{American Chemical Society}},
  doi = {10.1021/acs.jctc.9b00351},
  file = {/home/antoinem/Zotero/storage/TR6YI4VE/Tran et al. - 2019 - Tracking Excited States in Wave Function Optimizat.pdf;/home/antoinem/Zotero/storage/WZYRLUIN/acs.jctc.html}
}

@article{Tran_2020,
  title = {Improving {{Excited-State Potential Energy Surfaces}} via {{Optimal Orbital Shapes}}},
  author = {Tran, Lan Nguyen and Neuscamman, Eric},
  year = {2020},
  journal = {J. Phys. Chem. A},
  volume = {124},
  pages = {8273--8279},
  publisher = {{American Chemical Society}},
  doi = {10.1021/acs.jpca.0c07593},
  file = {/home/antoinem/Zotero/storage/3U3CPRD4/Tran and Neuscamman - 2020 - Improving Excited-State Potential Energy Surfaces .pdf;/home/antoinem/Zotero/storage/KYWWA359/acs.jpca.html}
}

@article{Tsuchimochi_2015,
  title = {Time-Dependent Projected {{Hartree-Fock}}},
  author = {Tsuchimochi, Takashi and Van Voorhis, Troy},
  year = {2015},
  journal = {J. Chem. Phys.},
  volume = {142},
  pages = {124103},
  publisher = {{American Institute of Physics}},
  doi = {10.1063/1.4914511},
  file = {/home/antoinem/Zotero/storage/RH58GSER/Tsuchimochi and Van Voorhis - 2015 - Time-dependent projected Hartree-Fock.pdf}
}

@article{Tsuchimochi_2016,
  title = {Communication: {{Configuration}} Interaction Combined with Spin-Projection for Strongly Correlated Molecular Electronic Structures},
  author = {Tsuchimochi, Takashi and {Ten-no}, Seiichiro},
  year = {2016},
  journal = {J. Chem. Phys.},
  volume = {144},
  pages = {011101},
  publisher = {{American Institute of Physics}},
  doi = {10.1063/1.4939585},
  file = {/home/antoinem/Zotero/storage/CALM3R2N/Tsuchimochi and Ten-no - 2016 - Communication Configuration interaction combined .pdf}
}

@article{VanVoorhis_2002,
  title = {A Geometric Approach to Direct Minimization},
  author = {Van Voorhis, Troy and {Head-Gordon}, Martin},
  year = {2002},
  journal = {Mol. Phys.},
  volume = {100},
  pages = {1713--1721},
  publisher = {{Taylor \& Francis}},
  doi = {10.1080/00268970110103642},
  file = {/home/antoinem/Zotero/storage/GDC6HQTG/VAN VOORHIS and HEAD-GORDON - 2002 - A geometric approach to direct minimization.pdf;/home/antoinem/Zotero/storage/A7KYNEEZ/00268970110103642.html}
}

@article{Wales_2000,
  title = {Potential Energy Surfaces and Coordinate Dependence},
  author = {Wales, David J.},
  year = {2000},
  journal = {J. Chem. Phys.},
  volume = {113},
  pages = {3926--3927},
  publisher = {{American Institute of Physics}},
  doi = {10.1063/1.1288003},
  file = {/home/antoinem/Zotero/storage/ZWU4ZWJ2/Wales - 2000 - Potential energy surfaces and coordinate dependenc.pdf}
}

@article{Wang_2019,
  title = {Coordinate {{Descent Full Configuration Interaction}}},
  author = {Wang, Zhe and Li, Yingzhou and Lu, Jianfeng},
  year = {2019},
  journal = {J. Chem. Theory Comput.},
  volume = {15},
  pages = {3558--3569},
  publisher = {{American Chemical Society}},
  doi = {10.1021/acs.jctc.9b00138},
  file = {/home/antoinem/Zotero/storage/88RAC7BU/Wang et al. - 2019 - Coordinate Descent Full Configuration Interaction.pdf}
}

@article{Werner_1980,
  title = {A Quadratically Convergent Multiconfiguration\textendash Self-consistent Field Method with Simultaneous Optimization of Orbitals and {{CI}} Coefficients},
  author = {Werner, Hans-Joachim and Meyer, Wilfried},
  year = {1980},
  journal = {J. Chem. Phys.},
  volume = {73},
  pages = {2342--2356},
  publisher = {{American Institute of Physics}},
  doi = {10.1063/1.440384},
  file = {/home/antoinem/References/Werner_1980.pdf}
}

@article{Werner_1981,
  title = {{{MCSCF}} Study of the Avoided Curve Crossing of the Two Lowest {{1$\Sigma$}}+ States of {{LiF}}},
  author = {Werner, Hans-Joachim and Meyer, Wilfried},
  year = {1981},
  journal = {J. Chem. Phys.},
  volume = {74},
  pages = {5802--5807},
  publisher = {{American Institute of Physics}},
  doi = {10.1063/1.440893}
}

@article{Werner_1985,
  title = {A Second Order Multiconfiguration {{SCF}} Procedure with Optimum Convergence},
  author = {Werner, Hans-Joachim and Knowles, Peter J.},
  year = {1985},
  journal = {J. Chem. Phys.},
  volume = {82},
  pages = {5053--5063},
  publisher = {{American Institute of Physics}},
  doi = {10.1063/1.448627},
  file = {/home/antoinem/References/Werner_1985.pdf}
}

@article{Yanai_2006,
  title = {Canonical Transformation Theory for Multireference Problems},
  author = {Yanai, Takeshi and Chan, Garnet Kin-Lic},
  year = {2006},
  journal = {J. Chem. Phys.},
  volume = {124},
  pages = {194106},
  publisher = {{American Institute of Physics}},
  doi = {10.1063/1.2196410},
  file = {/home/antoinem/Zotero/storage/S6P7BL29/Yanai and Chan - 2006 - Canonical transformation theory for multireference.pdf}
}

@article{Yanai_2007,
  title = {Canonical Transformation Theory from Extended Normal Ordering},
  author = {Yanai, Takeshi and Chan, Garnet Kin-Lic},
  year = {2007},
  journal = {J. Chem. Phys.},
  volume = {127},
  pages = {104107},
  publisher = {{American Institute of Physics}},
  doi = {10.1063/1.2761870},
  file = {/home/antoinem/Zotero/storage/2TMT8ZJF/Yanai and Chan - 2007 - Canonical transformation theory from extended norm.pdf}
}

@article{Ye_2017,
  title = {{$\sigma$}-{{SCF}}: {{A}} Direct Energy-Targeting Method to Mean-Field Excited States},
  author = {Ye, Hong-Zhou and Welborn, Matthew and Ricke, Nathan D. and Van Voorhis, Troy},
  year = {2017},
  journal = {J. Chem. Phys.},
  volume = {147},
  pages = {214104},
  publisher = {{American Institute of Physics}},
  doi = {10.1063/1.5001262},
  file = {/home/antoinem/Zotero/storage/3AFZKTGN/Ye et al. - 2017 - σ-SCF A direct energy-targeting method to mean-fi.pdf}
}

@article{Ye_2019,
  title = {Half-{{Projected}} {$\sigma$} {{Self-Consistent Field For Electronic Excited States}}},
  author = {Ye, Hong-Zhou and Van Voorhis, Troy},
  year = {2019},
  journal = {J. Chem. Theory Comput.},
  volume = {15},
  pages = {2954--2965},
  publisher = {{American Chemical Society}},
  doi = {10.1021/acs.jctc.8b01224},
  file = {/home/antoinem/Zotero/storage/KHUGTTPV/Ye and Van Voorhis - 2019 - Half-Projected σ Self-Consistent Field For Electro.pdf}
}


